@article{agudelo-toro2013Comput,
    volume = {10},
    publisher = {IOP Publishing},
    author = {Agudelo-Toro, Andres and Neef, Andreas},
    issn = {1741-2552},
    doi = {10.1088/1741-2560/10/2/026019},
    number = {1},
    pages = {026019},
    year = {2013},
    month = {March},
    journal = {Journal of Neural Engineering},
    title = {Computationally efficient simulation of electrical activity at cell membranes interacting with self-generated and externally imposed electric fields},
}

@article{spruston2008Pyrami,
    doi = {10.1038/nrn2286},
    journal = {Nature Reviews Neuroscience},
    issn = {1471-0048},
    publisher = {Springer Science and Business Media LLC},
    number = {3},
    title = {Pyramidal neurons: dendritic structure and synaptic integration},
    volume = {9},
    pages = {206–221},
    author = {Spruston, Nelson},
    month = {March},
    year = {2008},
}

@phdthesis{kliman2015EEGWav,
    author = {Kliman, Andrej},
    year = {2015},
    month = {April},
    title = {Using EEG waveform complexity to characterize the progress of Alzheimer’s Disease},
    doi = {10.13140/RG.2.1.1310.6646}
}
